@inproceedings{he2016deep,
  title={Deep residual learning for image recognition},
  author={He, Kaiming and Zhang, Xiangyu and Ren, Shaoqing and Sun, Jian},
  booktitle={CVPR},
  year={2016}
}

@inproceedings{huang2017densely,
  title={Densely connected convolutional networks},
  author={Huang, Gao and Liu, Zhuang and Van Der Maaten, Laurens and Weinberger, Kilian Q},
  booktitle={CVPR},
  year={2017}
}
@article{DBLP,
  author    = {Oriol Vinyals and
               Alexander Toshev and
               Samy Bengio and
               Dumitru Erhan},
  title     = {Show and Tell: {A} Neural Image Caption Generator},
  journal   = {CoRR},
  volume    = {abs/1411.4555},
  year      = {2014},
  url       = {http://arxiv.org/abs/1411.4555},
  eprinttype = {arXiv},
  eprint    = {1411.4555},
  timestamp = {Mon, 13 Aug 2018 16:47:52 +0200},
  biburl    = {https://dblp.org/rec/journals/corr/VinyalsTBE14.bib},
  bibsource = {dblp computer science bibliography, https://dblp.org}
}
@article{2DBLP,
  author    = {Kelvin Xu and
               Jimmy Ba and
               Ryan Kiros and
               Kyunghyun Cho and
               Aaron C. Courville and
               Ruslan Salakhutdinov and
               Richard S. Zemel and
               Yoshua Bengio},
  title     = {Show, Attend and Tell: Neural Image Caption Generation with Visual
               Attention},
  journal   = {CoRR},
  volume    = {abs/1502.03044},
  year      = {2015},
  url       = {http://arxiv.org/abs/1502.03044},
  eprinttype = {arXiv},
  eprint    = {1502.03044},
  timestamp = {Mon, 13 Aug 2018 16:47:52 +0200},
  biburl    = {https://dblp.org/rec/journals/corr/XuBKCCSZB15.bib},
  bibsource = {dblp computer science bibliography, https://dblp.org}
}

@article{3BUTD,
  author    = {Peter Anderson and
               Xiaodong He and
               Chris Buehler and
               Damien Teney and
               Mark Johnson and
               Stephen Gould and
               Lei Zhang},
  title     = {Bottom-Up and Top-Down Attention for Image Captioning and {VQA}},
  journal   = {CoRR},
  volume    = {abs/1707.07998},
  year      = {2017},
  url       = {http://arxiv.org/abs/1707.07998},
  eprinttype = {arXiv},
  eprint    = {1707.07998},
  timestamp = {Wed, 02 Sep 2020 13:29:09 +0200},
  biburl    = {https://dblp.org/rec/journals/corr/AndersonHBTJGZ17.bib},
  bibsource = {dblp computer science bibliography, https://dblp.org}
}

@article{4,
  author    = {Lun Huang and
               Wenmin Wang and
               Jie Chen and
               Xiaoyong Wei},
  title     = {Attention on Attention for Image Captioning},
  journal   = {CoRR},
  volume    = {abs/1908.06954},
  year      = {2019},
  url       = {http://arxiv.org/abs/1908.06954},
  eprinttype = {arXiv},
  eprint    = {1908.06954},
  timestamp = {Wed, 26 May 2021 14:09:21 +0200},
  biburl    = {https://dblp.org/rec/journals/corr/abs-1908-06954.bib},
  bibsource = {dblp computer science bibliography, https://dblp.org}
}

@article{5DLCT,
  author    = {Yunpeng Luo and
               Jiayi Ji and
               Xiaoshuai Sun and
               Liujuan Cao and
               Yongjian Wu and
               Feiyue Huang and
               Chia{-}Wen Lin and
               Rongrong Ji},
  title     = {Dual-Level Collaborative Transformer for Image Captioning},
  journal   = {CoRR},
  volume    = {abs/2101.06462},
  year      = {2021},
  url       = {https://arxiv.org/abs/2101.06462},
  eprinttype = {arXiv},
  eprint    = {2101.06462},
  timestamp = {Fri, 22 Jan 2021 15:16:00 +0100},
  biburl    = {https://dblp.org/rec/journals/corr/abs-2101-06462.bib},
  bibsource = {dblp computer science bibliography, https://dblp.org}
}

@article{6AMAN,
  author    = {Xin Jin and
               Le Wu and
               Geng Zhao and
               Xiaodong Li and
               Xiaokun Zhang and
               Shiming Ge and
               Dongqing Zou and
               Bin Zhou and
               Xinghui Zhou},
  title     = {Aesthetic Attributes Assessment of Images},
  journal   = {CoRR},
  volume    = {abs/1907.04983},
  year      = {2019},
  url       = {http://arxiv.org/abs/1907.04983},
  eprinttype = {arXiv},
  eprint    = {1907.04983},
  timestamp = {Wed, 17 Jul 2019 10:27:36 +0200},
  biburl    = {https://dblp.org/rec/journals/corr/abs-1907-04983.bib},
  bibsource = {dblp computer science bibliography, https://dblp.org}
}

@InProceedings{7PDD,
author = {Chang, Kuang-Yu and Lu, Kung-Hung and Chen, Chu-Song},
title = {Aesthetic Critiques Generation for Photos},
booktitle = {Proceedings of the IEEE International Conference on Computer Vision (ICCV)},
month = {Oct},
year = {2017}
}

@article{8LSTM,
author = {Hochreiter, Sepp and Schmidhuber, JÃ¼rgen},
year = {1997},
month = {12},
pages = {1735-80},
title = {Long Short-term Memory},
volume = {9},
journal = {Neural computation},
doi = {10.1162/neco.1997.9.8.1735}
}

@article{9cap,
  author    = {Xinlei Chen and
               Hao Fang and
               Tsung{-}Yi Lin and
               Ramakrishna Vedantam and
               Saurabh Gupta and
               Piotr Doll{\'{a}}r and
               C. Lawrence Zitnick},
  title     = {Microsoft {COCO} Captions: Data Collection and Evaluation Server},
  journal   = {CoRR},
  volume    = {abs/1504.00325},
  year      = {2015},
  url       = {http://arxiv.org/abs/1504.00325},
  eprinttype = {arXiv},
  eprint    = {1504.00325},
  timestamp = {Wed, 16 Oct 2019 16:31:45 +0200},
  biburl    = {https://dblp.org/rec/journals/corr/ChenFLVGDZ15.bib},
  bibsource = {dblp computer science bibliography, https://dblp.org}
}

@article{10cap,
  author    = {Olga Russakovsky and
               Jia Deng and
               Hao Su and
               Jonathan Krause and
               Sanjeev Satheesh and
               Sean Ma and
               Zhiheng Huang and
               Andrej Karpathy and
               Aditya Khosla and
               Michael S. Bernstein and
               Alexander C. Berg and
               Li Fei{-}Fei},
  title     = {ImageNet Large Scale Visual Recognition Challenge},
  journal   = {CoRR},
  volume    = {abs/1409.0575},
  year      = {2014},
  url       = {http://arxiv.org/abs/1409.0575},
  eprinttype = {arXiv},
  eprint    = {1409.0575},
  timestamp = {Wed, 15 Sep 2021 14:13:01 +0200},
  biburl    = {https://dblp.org/rec/journals/corr/RussakovskyDSKSMHKKBBF14.bib},
  bibsource = {dblp computer science bibliography, https://dblp.org}
}

@article{11cap,
  author    = {Jiasen Lu and
               Caiming Xiong and
               Devi Parikh and
               Richard Socher},
  title     = {Knowing When to Look: Adaptive Attention via {A} Visual Sentinel for
               Image Captioning},
  journal   = {CoRR},
  volume    = {abs/1612.01887},
  year      = {2016},
  url       = {http://arxiv.org/abs/1612.01887},
  eprinttype = {arXiv},
  eprint    = {1612.01887},
  timestamp = {Mon, 13 Aug 2018 16:46:57 +0200},
  biburl    = {https://dblp.org/rec/journals/corr/LuXPS16.bib},
  bibsource = {dblp computer science bibliography, https://dblp.org}
}

@article{12at,
  title={SCA-CNN: Spatial and Channel-Wise Attention in Convolutional Networks for Image Captioning},
  author={Long Chen and Hanwang Zhang and Jun Xiao and Liqiang Nie and Jian Shao and Wei Liu and Tat-Seng Chua},
  journal={2017 IEEE Conference on Computer Vision and Pattern Recognition (CVPR)},
  year={2017},
  pages={6298-6306}
}
@article{13,
  title={Distribution-Oriented Aesthetics Assessment With Semantic-Aware Hybrid Network},
  author={C. Cui and Huihui Liu and Tao Lian and Liqiang Nie and Lei Zhu and Yilong Yin},
  journal={IEEE Transactions on Multimedia},
  year={2019},
  volume={21},
  pages={1209-1220}
}